<?xml version="1.0" encoding="UTF-8"?><collection xmlns="http://www.loc.gov/MARC21/slim"><record><leader>00508nam--2200181-i-4500</leader><controlfield tag="001">000017393</controlfield><controlfield tag="002">20161230</controlfield><controlfield tag="005">20161230201032</controlfield><controlfield tag="008">060222s1000------------r-----000-0-eng-d</controlfield><datafield ind1=" " ind2=" " tag="020"><subfield code="a">3055016556</subfield></datafield><datafield ind1=" " ind2=" " tag="040"><subfield code="a">IFIN-HH</subfield></datafield><datafield ind1=" " ind2=" " tag="080"><subfield code="a">530.145:512</subfield></datafield><datafield ind1="1" ind2=" " tag="100"><subfield code="a">Baumgartel, Hellmut</subfield></datafield><datafield ind1="1" ind2="0" tag="245"><subfield code="a">Operatoralgebraic methods in quantum field theory</subfield><subfield code="b">A series of lectures</subfield><subfield code="c">Helmut baumgartel</subfield></datafield><datafield ind1=" " ind2=" " tag="260"><subfield code="a">Berlin</subfield><subfield code="b">Akademic Verlag</subfield><subfield code="c">1995</subfield></datafield><datafield ind1=" " ind2=" " tag="300"><subfield code="a">228 P</subfield></datafield><datafield ind1=" " ind2=" " tag="852"><subfield code="a">80923</subfield><subfield code="c">530.145</subfield></datafield><datafield ind1=" " ind2=" " tag="CAT"><subfield code="a">Sys</subfield><subfield code="c">20110330</subfield><subfield code="h">134340</subfield></datafield></record></collection>